@article{fridman2011serpent,
    title = {{On the Use of the Serpent Monte Carlo Code for Few-Group Cross Section Generation}},
    author = "E. Fridman and J. Lepp{\"a}nen",
    journal = "Annals of Nuclear Energy",
    volume = "38",
    number = "6",
    pages = "1399--1405",
    year = 2011
}

@inproceedings{horelik2013beavrs,
    title = {{Benchmark for Evaluation and Validation of Reactor Simulations (BEAVRS), v1.0.1}},
    author = "N. Horelik and B. Herman and B. Forget and K. Smith",
    booktitle = "Int. Conf. Math. and Comp. Methods Applied to Nuc. Sci. \& Eng.",
    address = "Sun Valley, Idaho, USA",
    year = 2013
}

@inproceedings{rhodes2006casmo,
  title = "CASMO-5 Development and Applications",
  author = "Rhodes, Joel and Smith, Kord and Lee, Deokjung",
  booktitle = "ANS Topical Meeting on Reactor Physics (PHYSOR)",
  pages = "10--14",
  year = 2006
}

@article{hebert1993consistent,
  title = {{A Consistent Technique for the Pin-by-Pin Homogenization of a Pressurized Water Reactor Assembly}},
  author = "Heb\'{E}rt, Alain",
  journal = "Nuclear Science and Engineering",
  volume = "113",
  number = "3",
  pages = "227--238",
  year = 1993
}
